@legislation{SGMA,
	author = {Sustainable Groundwater Management Act},
	title = {SGMA WATER CODE - WAT DIVISION 6. CONSERVATION, DEVELOPMENT, AND UTILIZATION OF STATE WATER RESOURCES, PART 2.74. Sustainable Groundwater Management [10720 - 10737.8]
},
	year = {2014},
}

@article{Diffenbaugh2020,
    author = {Noah S Diffenbaugh},
    title = {Verification of extreme event attribution: Using out-of-sample observations to assess changes in probabilities of unprecedented events},
    journal = {Science Advances},
    volume = {6},
    year = {2020},
    number = {12}
}


@misc{value,
author = {West Water Research, LLC},
title = {Divergence in Agricultural Water Use Values},
howpublished = {Available at \url{https://www.waterexchange.com/wp-content/uploads/2020/11/11.2020-WMI_Divergance-in-Ag-Water-Use-Values.pdf} (2020/11/11)}
}

@misc{harvard,
author = {Russell Gold},
title = {Harvard quietly amasses California vineyards and the water underneath},
howpublished = {Available at \url{https://www.wsj.com/articles/harvard-quietly-amasses-california-vineyardsand-the-water-underneath-1544456396} (2018/12/10)}
}

@misc{burry,
author = {Jon Erlichman and Dakin Campbell},
title = {Burry, Predictor of Mortgage Crisis, Bets on Farmland},
howpublished = {Available at \url{https://www.bloomberg.com/news/articles/2010-09-07/michael-burry-predictor-of-mortgage-collapse-bets-on-farmland-and-gold} (2010/09/07)}
}

@BOOK{Allingham,
	author = {Michael Allingham },
	title = {Choice Theory A Very Short Introduction},
	publisher = {Oxford University Press Inc.},
	year = {2002},
	edition = {first},
	isbn = {9780192803030}
}

@book{Raffensperger,
author = {John F. Raffensperger, Mark W. Milke},
title = {Smart Markets for Water Resources, A Manual for Implementation},
series = {Global Issues in Water Policy},
volume = {12},
publisher = {Springer},
address = {Gewerbestrasse 11, 6330 Cham, Switzerland},
year = {2017}
}

@misc{candle,
author = {Web3 Foundation, Samuel HÃ¤fner},
title = {Mechanics of a Candle auction},
howpublished = {Available at \url{https://wiki.polkadot.network/docs/en/learn-auction#mechanics-of-a-candle-auction} (2020/12/28)}
}

@misc{tule,
author = {Tule Trust},
title = {Lower Deer Creek Watershed Plan},
howpublished = {Available at \url{https://www.tuletrust.org/lower-deer-creek-watershed-plan} (2020/07/16)}
}

@misc{proxy,
author = {Parity Technologies, Joe Petrowski and Web3 Foundation, Kirsten Richard},
title = {Proxy Accounts},
howpublished = {Available at \url{https://wiki.polkadot.network/docs/en/learn-proxies} (2020/09/25)}
}

@misc{statewater,
author = {Department of Water Resources},
title = {Historically Dry Conditions Impact Planned State Water Project Deliveries},
howpublished = {Available at \url{https://water.ca.gov/News/News-Releases/2022/March-22/SWP-Allocation-March} (2022/03/18)}
}

@misc{execorder,
author = {Governer Gavin Newsom},
title = {EXECUTIVE ORDER N-7-22},
howpublished = {Available at \url{https://www.gov.ca.gov/wp-content/uploads/2022/03/March-2022-Drought-EO.pdf} (2022/03/28)}
}